
@misc{bts,
	title = {{BitTorrent} Sync},
	url = {http://www.bittorrent.com/sync},
	publisher = {{BitTorrent} Labs},
	author = {{{BitTorrent} Labs}}
},

@misc{blogracy,
	title = {Blogracy},
	url = {https://github.com/rik0/blogracy},
	urldate = {2013-12-11},
	author = {Franchi, Enrico and Tomaiuolo, Michele}
},

@inproceedings{burnett10,
	address = {Berkeley, {CA}, {USA}},
	series = {{USENIX} Security'10},
	title = {Chipping Away at Censorship Firewalls with User-generated Content},
	isbn = {888-7-6666-5555-4},
	url = {http://dl.acm.org/citation.cfm?id=1929820.1929859},
	booktitle = {Proceedings of the 19th {USENIX} Conference on Security},
	publisher = {{USENIX} Association},
	author = {Burnett, Sam and Feamster, Nick and Vempala, Santosh},
	year = {2010},
	pages = {29â€“29}
},

@misc{frenzy,
	title = {Frenzy},
	url = {https://github.com/aptonic/frenzy},
	author = {Winter, John}
},

@article{lavabit,
	address = {New York, {NY}, {USA}},
	chapter = {World News},
	title = {Lavabit founder refused {FBI} order to hand over email encryption keys},
	url = {http://www.theguardian.com/world/2013/oct/03/lavabit-ladar-levison-fbi-encryption-keys-snowden},
	journal = {The Guardian},
	author = {Rushe, Dominic},
	month = oct,
	year = {2013}
},

@inproceedings{stark09,
	title = {Symmetric Cryptography in Javascript},
	isbn = {978-1-4244-5327-6, 978-0-7695-3919-5},
	url = {http://ieeexplore.ieee.org/lpdocs/epic03/wrapper.htm?arnumber=5380691},
	doi = {10.1109/ACSAC.2009.42},
	urldate = {2013-12-11},
	publisher = {{IEEE}},
	author = {Stark, Emily and Hamburg, Michael and Boneh, Dan},
	month = dec,
	year = {2009},
	pages = {373--381}
},

@misc{vole,
	title = {Vole},
	url = {http://vole.cc},
	urldate = {2013-12-11},
	author = {Forsander, Aaron}
},

@inproceedings{cohen03,
  title={Incentives build robustness in BitTorrent},
  author={Cohen, Bram},
  booktitle={Workshop on Economics of Peer-to-Peer systems},
  volume={6},
  pages={68--72},
  year={2003}
}